%YAML 1.1
%TAG !u! tag:unity3d.com,2011:
--- !u!1 &8684464129668922577
GameObject:
  m_ObjectHideFlags: 0
  m_CorrespondingSourceObject: {fileID: 0}
  m_PrefabInstance: {fileID: 0}
  m_PrefabAsset: {fileID: 0}
  serializedVersion: 6
  m_Component:
  - component: {fileID: 5683036705118965442}
  - component: {fileID: 3712432269710882036}
  - component: {fileID: 6969808682420504589}
  - component: {fileID: 7214380515516951059}
  m_Layer: 0
  m_Name: Bulb.003
  m_TagString: Untagged
  m_Icon: {fileID: 0}
  m_NavMeshLayer: 0
  m_StaticEditorFlags: 0
  m_IsActive: 1
--- !u!4 &5683036705118965442
Transform:
  m_ObjectHideFlags: 0
  m_CorrespondingSourceObject: {fileID: 0}
  m_PrefabInstance: {fileID: 0}
  m_PrefabAsset: {fileID: 0}
  m_GameObject: {fileID: 8684464129668922577}
  m_LocalRotation: {x: -0.7069834, y: 0, z: 0, w: 0.7072302}
  m_LocalPosition: {x: -6, y: 0, z: -3}
  m_LocalScale: {x: 100, y: 100, z: 100}
  m_Children:
  - {fileID: 4349952728199259644}
  - {fileID: 8040638616152762253}
  - {fileID: 3304773883526615273}
  - {fileID: 9208781269361582340}
  m_Father: {fileID: 0}
  m_RootOrder: 0
  m_LocalEulerAnglesHint: {x: -89.98, y: 0, z: 0}
--- !u!33 &3712432269710882036
MeshFilter:
  m_ObjectHideFlags: 0
  m_CorrespondingSourceObject: {fileID: 0}
  m_PrefabInstance: {fileID: 0}
  m_PrefabAsset: {fileID: 0}
  m_GameObject: {fileID: 8684464129668922577}
  m_Mesh: {fileID: -5440217809135233918, guid: 23122007dd4674b1f988cc7e3e1cb3a1, type: 3}
--- !u!23 &6969808682420504589
MeshRenderer:
  m_ObjectHideFlags: 0
  m_CorrespondingSourceObject: {fileID: 0}
  m_PrefabInstance: {fileID: 0}
  m_PrefabAsset: {fileID: 0}
  m_GameObject: {fileID: 8684464129668922577}
  m_Enabled: 1
  m_CastShadows: 1
  m_ReceiveShadows: 1
  m_DynamicOccludee: 1
  m_MotionVectors: 1
  m_LightProbeUsage: 1
  m_ReflectionProbeUsage: 1
  m_RenderingLayerMask: 1
  m_RendererPriority: 0
  m_Materials:
  - {fileID: 2100000, guid: 101f3f01fc81046cf80b8dadb832629b, type: 2}
  m_StaticBatchInfo:
    firstSubMesh: 0
    subMeshCount: 0
  m_StaticBatchRoot: {fileID: 0}
  m_ProbeAnchor: {fileID: 0}
  m_LightProbeVolumeOverride: {fileID: 0}
  m_ScaleInLightmap: 1
  m_PreserveUVs: 0
  m_IgnoreNormalsForChartDetection: 0
  m_ImportantGI: 0
  m_StitchLightmapSeams: 1
  m_SelectedEditorRenderState: 3
  m_MinimumChartSize: 4
  m_AutoUVMaxDistance: 0.5
  m_AutoUVMaxAngle: 89
  m_LightmapParameters: {fileID: 0}
  m_SortingLayerID: 0
  m_SortingLayer: 0
  m_SortingOrder: 0
--- !u!114 &7214380515516951059
MonoBehaviour:
  m_ObjectHideFlags: 0
  m_CorrespondingSourceObject: {fileID: 0}
  m_PrefabInstance: {fileID: 0}
  m_PrefabAsset: {fileID: 0}
  m_GameObject: {fileID: 8684464129668922577}
  m_Enabled: 1
  m_EditorHideFlags: 0
  m_Script: {fileID: 11500000, guid: 9783986d607e54e6ab949013f5edc29b, type: 3}
  m_Name: 
  m_EditorClassIdentifier: 
  index: -1
  plantDecalSet: {fileID: 11400000, guid: 0c31689c3e92f4cf7af7187d5cfe5fb2, type: 2}
--- !u!1001 &74819716113813474
PrefabInstance:
  m_ObjectHideFlags: 0
  serializedVersion: 2
  m_Modification:
    m_TransformParent: {fileID: 5683036705118965442}
    m_Modifications:
    - target: {fileID: 2584032779367503890, guid: ac13e7826374d4678b978df75e0c5b1f,
        type: 3}
      propertyPath: m_Name
      value: Decal Object
      objectReference: {fileID: 0}
    - target: {fileID: 4420268565511678494, guid: ac13e7826374d4678b978df75e0c5b1f,
        type: 3}
      propertyPath: m_LocalPosition.x
      value: -0.0016602993
      objectReference: {fileID: 0}
    - target: {fileID: 4420268565511678494, guid: ac13e7826374d4678b978df75e0c5b1f,
        type: 3}
      propertyPath: m_LocalPosition.y
      value: -0.0012063006
      objectReference: {fileID: 0}
    - target: {fileID: 4420268565511678494, guid: ac13e7826374d4678b978df75e0c5b1f,
        type: 3}
      propertyPath: m_LocalPosition.z
      value: 0.0021148738
      objectReference: {fileID: 0}
    - target: {fileID: 4420268565511678494, guid: ac13e7826374d4678b978df75e0c5b1f,
        type: 3}
      propertyPath: m_LocalRotation.x
      value: 0.29872128
      objectReference: {fileID: 0}
    - target: {fileID: 4420268565511678494, guid: ac13e7826374d4678b978df75e0c5b1f,
        type: 3}
      propertyPath: m_LocalRotation.y
      value: -0.4718106
      objectReference: {fileID: 0}
    - target: {fileID: 4420268565511678494, guid: ac13e7826374d4678b978df75e0c5b1f,
        type: 3}
      propertyPath: m_LocalRotation.z
      value: 0.10680417
      objectReference: {fileID: 0}
    - target: {fileID: 4420268565511678494, guid: ac13e7826374d4678b978df75e0c5b1f,
        type: 3}
      propertyPath: m_LocalRotation.w
      value: 0.82265013
      objectReference: {fileID: 0}
    - target: {fileID: 4420268565511678494, guid: ac13e7826374d4678b978df75e0c5b1f,
        type: 3}
      propertyPath: m_RootOrder
      value: 0
      objectReference: {fileID: 0}
    - target: {fileID: 4420268565511678494, guid: ac13e7826374d4678b978df75e0c5b1f,
        type: 3}
      propertyPath: m_LocalEulerAnglesHint.x
      value: 36.318
      objectReference: {fileID: 0}
    - target: {fileID: 4420268565511678494, guid: ac13e7826374d4678b978df75e0c5b1f,
        type: 3}
      propertyPath: m_LocalEulerAnglesHint.y
      value: -62.157
      objectReference: {fileID: 0}
    - target: {fileID: 4420268565511678494, guid: ac13e7826374d4678b978df75e0c5b1f,
        type: 3}
      propertyPath: m_LocalEulerAnglesHint.z
      value: -7.5710006
      objectReference: {fileID: 0}
    - target: {fileID: 4420268565511678494, guid: ac13e7826374d4678b978df75e0c5b1f,
        type: 3}
      propertyPath: m_LocalScale.x
      value: 1
      objectReference: {fileID: 0}
    - target: {fileID: 4420268565511678494, guid: ac13e7826374d4678b978df75e0c5b1f,
        type: 3}
      propertyPath: m_LocalScale.y
      value: 1
      objectReference: {fileID: 0}
    - target: {fileID: 4420268565511678494, guid: ac13e7826374d4678b978df75e0c5b1f,
        type: 3}
      propertyPath: m_LocalScale.z
      value: 1
      objectReference: {fileID: 0}
    m_RemovedComponents: []
  m_SourcePrefab: {fileID: 100100000, guid: ac13e7826374d4678b978df75e0c5b1f, type: 3}
--- !u!4 &4349952728199259644 stripped
Transform:
  m_CorrespondingSourceObject: {fileID: 4420268565511678494, guid: ac13e7826374d4678b978df75e0c5b1f,
    type: 3}
  m_PrefabInstance: {fileID: 74819716113813474}
  m_PrefabAsset: {fileID: 0}
--- !u!1001 &1192073470137187063
PrefabInstance:
  m_ObjectHideFlags: 0
  serializedVersion: 2
  m_Modification:
    m_TransformParent: {fileID: 5683036705118965442}
    m_Modifications:
    - target: {fileID: 2584032779367503890, guid: ac13e7826374d4678b978df75e0c5b1f,
        type: 3}
      propertyPath: m_Name
      value: Decal Object (2)
      objectReference: {fileID: 0}
    - target: {fileID: 4420268565511678494, guid: ac13e7826374d4678b978df75e0c5b1f,
        type: 3}
      propertyPath: m_LocalPosition.x
      value: -0.00061977864
      objectReference: {fileID: 0}
    - target: {fileID: 4420268565511678494, guid: ac13e7826374d4678b978df75e0c5b1f,
        type: 3}
      propertyPath: m_LocalPosition.y
      value: 0.0022727987
      objectReference: {fileID: 0}
    - target: {fileID: 4420268565511678494, guid: ac13e7826374d4678b978df75e0c5b1f,
        type: 3}
      propertyPath: m_LocalPosition.z
      value: 0.0018449777
      objectReference: {fileID: 0}
    - target: {fileID: 4420268565511678494, guid: ac13e7826374d4678b978df75e0c5b1f,
        type: 3}
      propertyPath: m_LocalRotation.x
      value: -0.56281906
      objectReference: {fileID: 0}
    - target: {fileID: 4420268565511678494, guid: ac13e7826374d4678b978df75e0c5b1f,
        type: 3}
      propertyPath: m_LocalRotation.y
      value: -0.14835145
      objectReference: {fileID: 0}
    - target: {fileID: 4420268565511678494, guid: ac13e7826374d4678b978df75e0c5b1f,
        type: 3}
      propertyPath: m_LocalRotation.z
      value: -0.046640236
      objectReference: {fileID: 0}
    - target: {fileID: 4420268565511678494, guid: ac13e7826374d4678b978df75e0c5b1f,
        type: 3}
      propertyPath: m_LocalRotation.w
      value: 0.81181973
      objectReference: {fileID: 0}
    - target: {fileID: 4420268565511678494, guid: ac13e7826374d4678b978df75e0c5b1f,
        type: 3}
      propertyPath: m_RootOrder
      value: 2
      objectReference: {fileID: 0}
    - target: {fileID: 4420268565511678494, guid: ac13e7826374d4678b978df75e0c5b1f,
        type: 3}
      propertyPath: m_LocalEulerAnglesHint.x
      value: -68.07201
      objectReference: {fileID: 0}
    - target: {fileID: 4420268565511678494, guid: ac13e7826374d4678b978df75e0c5b1f,
        type: 3}
      propertyPath: m_LocalEulerAnglesHint.y
      value: -30.292002
      objectReference: {fileID: 0}
    - target: {fileID: 4420268565511678494, guid: ac13e7826374d4678b978df75e0c5b1f,
        type: 3}
      propertyPath: m_LocalEulerAnglesHint.z
      value: 14.145
      objectReference: {fileID: 0}
    - target: {fileID: 4420268565511678494, guid: ac13e7826374d4678b978df75e0c5b1f,
        type: 3}
      propertyPath: m_LocalScale.x
      value: 1
      objectReference: {fileID: 0}
    - target: {fileID: 4420268565511678494, guid: ac13e7826374d4678b978df75e0c5b1f,
        type: 3}
      propertyPath: m_LocalScale.y
      value: 1
      objectReference: {fileID: 0}
    - target: {fileID: 4420268565511678494, guid: ac13e7826374d4678b978df75e0c5b1f,
        type: 3}
      propertyPath: m_LocalScale.z
      value: 1
      objectReference: {fileID: 0}
    m_RemovedComponents: []
  m_SourcePrefab: {fileID: 100100000, guid: ac13e7826374d4678b978df75e0c5b1f, type: 3}
--- !u!4 &3304773883526615273 stripped
Transform:
  m_CorrespondingSourceObject: {fileID: 4420268565511678494, guid: ac13e7826374d4678b978df75e0c5b1f,
    type: 3}
  m_PrefabInstance: {fileID: 1192073470137187063}
  m_PrefabAsset: {fileID: 0}
--- !u!1001 &4799670694184438554
PrefabInstance:
  m_ObjectHideFlags: 0
  serializedVersion: 2
  m_Modification:
    m_TransformParent: {fileID: 5683036705118965442}
    m_Modifications:
    - target: {fileID: 2584032779367503890, guid: ac13e7826374d4678b978df75e0c5b1f,
        type: 3}
      propertyPath: m_Name
      value: Decal Object (3)
      objectReference: {fileID: 0}
    - target: {fileID: 4420268565511678494, guid: ac13e7826374d4678b978df75e0c5b1f,
        type: 3}
      propertyPath: m_LocalPosition.x
      value: 0.0025061988
      objectReference: {fileID: 0}
    - target: {fileID: 4420268565511678494, guid: ac13e7826374d4678b978df75e0c5b1f,
        type: 3}
      propertyPath: m_LocalPosition.y
      value: 0.0008142994
      objectReference: {fileID: 0}
    - target: {fileID: 4420268565511678494, guid: ac13e7826374d4678b978df75e0c5b1f,
        type: 3}
      propertyPath: m_LocalPosition.z
      value: 0.0008464533
      objectReference: {fileID: 0}
    - target: {fileID: 4420268565511678494, guid: ac13e7826374d4678b978df75e0c5b1f,
        type: 3}
      propertyPath: m_LocalRotation.x
      value: -0.5368626
      objectReference: {fileID: 0}
    - target: {fileID: 4420268565511678494, guid: ac13e7826374d4678b978df75e0c5b1f,
        type: 3}
      propertyPath: m_LocalRotation.y
      value: -0.297498
      objectReference: {fileID: 0}
    - target: {fileID: 4420268565511678494, guid: ac13e7826374d4678b978df75e0c5b1f,
        type: 3}
      propertyPath: m_LocalRotation.z
      value: -0.027966164
      objectReference: {fileID: 0}
    - target: {fileID: 4420268565511678494, guid: ac13e7826374d4678b978df75e0c5b1f,
        type: 3}
      propertyPath: m_LocalRotation.w
      value: 0.78898126
      objectReference: {fileID: 0}
    - target: {fileID: 4420268565511678494, guid: ac13e7826374d4678b978df75e0c5b1f,
        type: 3}
      propertyPath: m_RootOrder
      value: 3
      objectReference: {fileID: 0}
    - target: {fileID: 4420268565511678494, guid: ac13e7826374d4678b978df75e0c5b1f,
        type: 3}
      propertyPath: m_LocalEulerAnglesHint.x
      value: -59.745003
      objectReference: {fileID: 0}
    - target: {fileID: 4420268565511678494, guid: ac13e7826374d4678b978df75e0c5b1f,
        type: 3}
      propertyPath: m_LocalEulerAnglesHint.y
      value: -60.704002
      objectReference: {fileID: 0}
    - target: {fileID: 4420268565511678494, guid: ac13e7826374d4678b978df75e0c5b1f,
        type: 3}
      propertyPath: m_LocalEulerAnglesHint.z
      value: 33.120003
      objectReference: {fileID: 0}
    - target: {fileID: 4420268565511678494, guid: ac13e7826374d4678b978df75e0c5b1f,
        type: 3}
      propertyPath: m_LocalScale.x
      value: 1
      objectReference: {fileID: 0}
    - target: {fileID: 4420268565511678494, guid: ac13e7826374d4678b978df75e0c5b1f,
        type: 3}
      propertyPath: m_LocalScale.y
      value: 1
      objectReference: {fileID: 0}
    - target: {fileID: 4420268565511678494, guid: ac13e7826374d4678b978df75e0c5b1f,
        type: 3}
      propertyPath: m_LocalScale.z
      value: 1
      objectReference: {fileID: 0}
    m_RemovedComponents: []
  m_SourcePrefab: {fileID: 100100000, guid: ac13e7826374d4678b978df75e0c5b1f, type: 3}
--- !u!4 &9208781269361582340 stripped
Transform:
  m_CorrespondingSourceObject: {fileID: 4420268565511678494, guid: ac13e7826374d4678b978df75e0c5b1f,
    type: 3}
  m_PrefabInstance: {fileID: 4799670694184438554}
  m_PrefabAsset: {fileID: 0}
--- !u!1001 &5963299098243419539
PrefabInstance:
  m_ObjectHideFlags: 0
  serializedVersion: 2
  m_Modification:
    m_TransformParent: {fileID: 5683036705118965442}
    m_Modifications:
    - target: {fileID: 2584032779367503890, guid: ac13e7826374d4678b978df75e0c5b1f,
        type: 3}
      propertyPath: m_Name
      value: Decal Object (1)
      objectReference: {fileID: 0}
    - target: {fileID: 4420268565511678494, guid: ac13e7826374d4678b978df75e0c5b1f,
        type: 3}
      propertyPath: m_LocalPosition.x
      value: 0.0018469
      objectReference: {fileID: 0}
    - target: {fileID: 4420268565511678494, guid: ac13e7826374d4678b978df75e0c5b1f,
        type: 3}
      propertyPath: m_LocalPosition.y
      value: -0.0013418008
      objectReference: {fileID: 0}
    - target: {fileID: 4420268565511678494, guid: ac13e7826374d4678b978df75e0c5b1f,
        type: 3}
      propertyPath: m_LocalPosition.z
      value: 0.0019878722
      objectReference: {fileID: 0}
    - target: {fileID: 4420268565511678494, guid: ac13e7826374d4678b978df75e0c5b1f,
        type: 3}
      propertyPath: m_LocalRotation.x
      value: 0.1729493
      objectReference: {fileID: 0}
    - target: {fileID: 4420268565511678494, guid: ac13e7826374d4678b978df75e0c5b1f,
        type: 3}
      propertyPath: m_LocalRotation.y
      value: 0.44976312
      objectReference: {fileID: 0}
    - target: {fileID: 4420268565511678494, guid: ac13e7826374d4678b978df75e0c5b1f,
        type: 3}
      propertyPath: m_LocalRotation.z
      value: -0.11555899
      objectReference: {fileID: 0}
    - target: {fileID: 4420268565511678494, guid: ac13e7826374d4678b978df75e0c5b1f,
        type: 3}
      propertyPath: m_LocalRotation.w
      value: 0.8685896
      objectReference: {fileID: 0}
    - target: {fileID: 4420268565511678494, guid: ac13e7826374d4678b978df75e0c5b1f,
        type: 3}
      propertyPath: m_RootOrder
      value: 1
      objectReference: {fileID: 0}
    - target: {fileID: 4420268565511678494, guid: ac13e7826374d4678b978df75e0c5b1f,
        type: 3}
      propertyPath: m_LocalEulerAnglesHint.x
      value: 23.853
      objectReference: {fileID: 0}
    - target: {fileID: 4420268565511678494, guid: ac13e7826374d4678b978df75e0c5b1f,
        type: 3}
      propertyPath: m_LocalEulerAnglesHint.y
      value: 54.153004
      objectReference: {fileID: 0}
    - target: {fileID: 4420268565511678494, guid: ac13e7826374d4678b978df75e0c5b1f,
        type: 3}
      propertyPath: m_LocalEulerAnglesHint.z
      value: -2.831
      objectReference: {fileID: 0}
    - target: {fileID: 4420268565511678494, guid: ac13e7826374d4678b978df75e0c5b1f,
        type: 3}
      propertyPath: m_LocalScale.x
      value: 1
      objectReference: {fileID: 0}
    - target: {fileID: 4420268565511678494, guid: ac13e7826374d4678b978df75e0c5b1f,
        type: 3}
      propertyPath: m_LocalScale.y
      value: 1
      objectReference: {fileID: 0}
    - target: {fileID: 4420268565511678494, guid: ac13e7826374d4678b978df75e0c5b1f,
        type: 3}
      propertyPath: m_LocalScale.z
      value: 1
      objectReference: {fileID: 0}
    m_RemovedComponents: []
  m_SourcePrefab: {fileID: 100100000, guid: ac13e7826374d4678b978df75e0c5b1f, type: 3}
--- !u!4 &8040638616152762253 stripped
Transform:
  m_CorrespondingSourceObject: {fileID: 4420268565511678494, guid: ac13e7826374d4678b978df75e0c5b1f,
    type: 3}
  m_PrefabInstance: {fileID: 5963299098243419539}
  m_PrefabAsset: {fileID: 0}
