%YAML 1.1
%TAG !u! tag:unity3d.com,2011:
--- !u!1 &5341086127887729839
GameObject:
  m_ObjectHideFlags: 0
  m_CorrespondingSourceObject: {fileID: 0}
  m_PrefabInstance: {fileID: 0}
  m_PrefabAsset: {fileID: 0}
  serializedVersion: 6
  m_Component:
  - component: {fileID: 8954282303120815804}
  - component: {fileID: 80790942132079754}
  - component: {fileID: 5918732133501890675}
  - component: {fileID: 6401819610852662969}
  m_Layer: 0
  m_Name: Leaf.000
  m_TagString: Untagged
  m_Icon: {fileID: 0}
  m_NavMeshLayer: 0
  m_StaticEditorFlags: 0
  m_IsActive: 1
--- !u!4 &8954282303120815804
Transform:
  m_ObjectHideFlags: 0
  m_CorrespondingSourceObject: {fileID: 0}
  m_PrefabInstance: {fileID: 0}
  m_PrefabAsset: {fileID: 0}
  m_GameObject: {fileID: 5341086127887729839}
  m_LocalRotation: {x: -0.6948122, y: -0.13128605, z: 0.13128608, w: 0.6948122}
  m_LocalPosition: {x: -5, y: 0, z: 0}
  m_LocalScale: {x: 100, y: 100, z: 100}
  m_Children:
  - {fileID: 4586824323634454307}
  m_Father: {fileID: 0}
  m_RootOrder: 0
  m_LocalEulerAnglesHint: {x: -68.600006, y: -90.00001, z: 90.00001}
--- !u!33 &80790942132079754
MeshFilter:
  m_ObjectHideFlags: 0
  m_CorrespondingSourceObject: {fileID: 0}
  m_PrefabInstance: {fileID: 0}
  m_PrefabAsset: {fileID: 0}
  m_GameObject: {fileID: 5341086127887729839}
  m_Mesh: {fileID: 381551406008632508, guid: 9b643f479162547018991cab951e5c87, type: 3}
--- !u!23 &5918732133501890675
MeshRenderer:
  m_ObjectHideFlags: 0
  m_CorrespondingSourceObject: {fileID: 0}
  m_PrefabInstance: {fileID: 0}
  m_PrefabAsset: {fileID: 0}
  m_GameObject: {fileID: 5341086127887729839}
  m_Enabled: 1
  m_CastShadows: 1
  m_ReceiveShadows: 1
  m_DynamicOccludee: 1
  m_MotionVectors: 1
  m_LightProbeUsage: 1
  m_ReflectionProbeUsage: 1
  m_RenderingLayerMask: 1
  m_RendererPriority: 0
  m_Materials:
  - {fileID: 2100000, guid: 101f3f01fc81046cf80b8dadb832629b, type: 2}
  m_StaticBatchInfo:
    firstSubMesh: 0
    subMeshCount: 0
  m_StaticBatchRoot: {fileID: 0}
  m_ProbeAnchor: {fileID: 0}
  m_LightProbeVolumeOverride: {fileID: 0}
  m_ScaleInLightmap: 1
  m_PreserveUVs: 0
  m_IgnoreNormalsForChartDetection: 0
  m_ImportantGI: 0
  m_StitchLightmapSeams: 1
  m_SelectedEditorRenderState: 3
  m_MinimumChartSize: 4
  m_AutoUVMaxDistance: 0.5
  m_AutoUVMaxAngle: 89
  m_LightmapParameters: {fileID: 0}
  m_SortingLayerID: 0
  m_SortingLayer: 0
  m_SortingOrder: 0
--- !u!114 &6401819610852662969
MonoBehaviour:
  m_ObjectHideFlags: 0
  m_CorrespondingSourceObject: {fileID: 0}
  m_PrefabInstance: {fileID: 0}
  m_PrefabAsset: {fileID: 0}
  m_GameObject: {fileID: 5341086127887729839}
  m_Enabled: 1
  m_EditorHideFlags: 0
  m_Script: {fileID: 11500000, guid: 9783986d607e54e6ab949013f5edc29b, type: 3}
  m_Name: 
  m_EditorClassIdentifier: 
  index: -1
  plantDecalSet: {fileID: 11400000, guid: 0c31689c3e92f4cf7af7187d5cfe5fb2, type: 2}
--- !u!1001 &211773346759341373
PrefabInstance:
  m_ObjectHideFlags: 0
  serializedVersion: 2
  m_Modification:
    m_TransformParent: {fileID: 8954282303120815804}
    m_Modifications:
    - target: {fileID: 2584032779367503890, guid: ac13e7826374d4678b978df75e0c5b1f,
        type: 3}
      propertyPath: m_Name
      value: Decal Object
      objectReference: {fileID: 0}
    - target: {fileID: 4420268565511678494, guid: ac13e7826374d4678b978df75e0c5b1f,
        type: 3}
      propertyPath: m_LocalPosition.x
      value: 0.0019514019
      objectReference: {fileID: 0}
    - target: {fileID: 4420268565511678494, guid: ac13e7826374d4678b978df75e0c5b1f,
        type: 3}
      propertyPath: m_LocalPosition.y
      value: 0
      objectReference: {fileID: 0}
    - target: {fileID: 4420268565511678494, guid: ac13e7826374d4678b978df75e0c5b1f,
        type: 3}
      propertyPath: m_LocalPosition.z
      value: 0.00075325905
      objectReference: {fileID: 0}
    - target: {fileID: 4420268565511678494, guid: ac13e7826374d4678b978df75e0c5b1f,
        type: 3}
      propertyPath: m_LocalRotation.x
      value: -0
      objectReference: {fileID: 0}
    - target: {fileID: 4420268565511678494, guid: ac13e7826374d4678b978df75e0c5b1f,
        type: 3}
      propertyPath: m_LocalRotation.y
      value: -0.1146011
      objectReference: {fileID: 0}
    - target: {fileID: 4420268565511678494, guid: ac13e7826374d4678b978df75e0c5b1f,
        type: 3}
      propertyPath: m_LocalRotation.z
      value: -0
      objectReference: {fileID: 0}
    - target: {fileID: 4420268565511678494, guid: ac13e7826374d4678b978df75e0c5b1f,
        type: 3}
      propertyPath: m_LocalRotation.w
      value: 0.9934116
      objectReference: {fileID: 0}
    - target: {fileID: 4420268565511678494, guid: ac13e7826374d4678b978df75e0c5b1f,
        type: 3}
      propertyPath: m_RootOrder
      value: 0
      objectReference: {fileID: 0}
    - target: {fileID: 4420268565511678494, guid: ac13e7826374d4678b978df75e0c5b1f,
        type: 3}
      propertyPath: m_LocalEulerAnglesHint.x
      value: 0
      objectReference: {fileID: 0}
    - target: {fileID: 4420268565511678494, guid: ac13e7826374d4678b978df75e0c5b1f,
        type: 3}
      propertyPath: m_LocalEulerAnglesHint.y
      value: -13.161
      objectReference: {fileID: 0}
    - target: {fileID: 4420268565511678494, guid: ac13e7826374d4678b978df75e0c5b1f,
        type: 3}
      propertyPath: m_LocalEulerAnglesHint.z
      value: 0
      objectReference: {fileID: 0}
    - target: {fileID: 4420268565511678494, guid: ac13e7826374d4678b978df75e0c5b1f,
        type: 3}
      propertyPath: m_LocalScale.x
      value: 1
      objectReference: {fileID: 0}
    - target: {fileID: 4420268565511678494, guid: ac13e7826374d4678b978df75e0c5b1f,
        type: 3}
      propertyPath: m_LocalScale.y
      value: 1
      objectReference: {fileID: 0}
    - target: {fileID: 4420268565511678494, guid: ac13e7826374d4678b978df75e0c5b1f,
        type: 3}
      propertyPath: m_LocalScale.z
      value: 1
      objectReference: {fileID: 0}
    m_RemovedComponents: []
  m_SourcePrefab: {fileID: 100100000, guid: ac13e7826374d4678b978df75e0c5b1f, type: 3}
--- !u!4 &4586824323634454307 stripped
Transform:
  m_CorrespondingSourceObject: {fileID: 4420268565511678494, guid: ac13e7826374d4678b978df75e0c5b1f,
    type: 3}
  m_PrefabInstance: {fileID: 211773346759341373}
  m_PrefabAsset: {fileID: 0}
